@misc{rproject,
  author       = {{The R Foundation}},
  title        = {{The R Project for Statistical Computing}},
  howpublished = {\url{https://www.r-project.org/}},
  year         = {2019}
}
@MISC{repositorio,
	author = {Joaquin Arturo Velarde Moreno},
	title  ={{Repositorio con material de la clase de probabilidad}},
	year = 2020,
	howpublished = {Recursos libre, disponible en \url{ https://github.com/joaquin3600/Modelos_Probabilistas_Aplicados}}
}
@misc{MaterialClase,
	author = {{Satu Elisa Schaeffer}},
	title  ={{Modelos probabilistas aplicados}},
	howpublished = {Sitio en, \url{https://elisa.dyndns-web.com/teaching/prob/pisis/prob.html}}
}

@book{Material,
      title     = "Introduction to Probability",
      author    = "Charles M. Grinstead, J. Laurie Snell
",
      publisher = "American Mathematical Society"
    }
    
@misc{wolf,
  title = {WolframAlpha computational intelligence},
  howpublished = {\url{https://www.wolframalpha.com/}},
  note = {Accessed: 2020-11-24}
}

@misc{inegi,
    author    = "{INEGI}",
    title     = "{{Defunciones generales registradas por entidad federativa de residencia habitual de la persona fallecida según sexo}}",
    howpublished = {\url{https://www.inegi.org.mx/temas/mortalidad/Tabulados}},
    year = 2020
}

@misc{MEC,
    author    = "{Forbes}",
    title     = "{{¿Qué es el T-MEC y por qué es importante para México?}}",
    howpublished = {\url{https://www.forbes.com.mx/economia-que-es-el-t-mec-y-por-que-es-importante-para-mexico/}},
    year = 2020
}
@misc{datosmacro,
    author    = "{Datosmacro.com}",
    title     = "{{Mortalidad por país}}",
    howpublished = {\url{https://datosmacro.expansion.com/demografia/mortalidad}},
    year = 2020
}