@misc{rproject,
  author       = {{The R Foundation}},
  title        = {{The R Project for Statistical Computing}},
  howpublished = {\url{https://www.r-project.org/}},
  year         = {2019}
}

@misc{MaterialClase,
	author = {{Satu Elisa Schaeffer}},
	title  ={{Modelos probabilistas aplicados}},
	howpublished = {Sitio en, \url{https://elisa.dyndns-web.com/teaching/prob/pisis/prob.html}}
}
@misc{Articulo_0,
	author = {{Selva Prabhakaran}},
	title  = {Statistical Tests},
	howpublished = {Sitio en,\url{http://r-statistics.co/Statistical-Tests-in-R} }}
@misc{Articulo_1,
	title  ={{Pruebas estadísticas}},
	howpublished = {Sitio en,\url{https://help.xlstat.com/s/article/que-es-una-prueba-estadistica?language=es} }}
}
@misc{Articulo_2,
	title  ={{Pruebas estadísticas}},
	howpublished = {Sitio en,\url{https://www.ecured.cu/Pruebas_estadisticas} }}
}
@misc{Articulo_3,
	author = {{Rosana Ferrero}},
	title  ={{ Guía definitiva para encontrar la prueba estadística que buscas}},
	howpublished = {Sitio en, \url{https://www.maximaformacion.es/blog-dat/guia-para-encontrar-tu-prueba-estadistica/}}
}
@misc{Articulo_4,
	author = {{ Flores-Ruiz E, Miranda-Novales MG, Villasís-Keever MÁ.}},
	title  ={{El protocolo
de investigación VI: cómo elegir la prueba estadística adecuada. Estadística inferencial}},
	howpublished = {Sitio en, \url{http://www.scielo.org.mx/pdf/ram/v64n3/2448-9190-ram-64-03-0364.pdf}}
}
@misc{excel,
  author       = {Microsoft Office},
  title        = {Microsoft Excel},
  howpublished = {\url{https://www.microsoft.com/es-mx/microsoft-365/excel}},
  year         = {2011}
}
@misc{inegi,
    author    = "{INEGI}",
    title     = "{{Numero de visitantes internacionales que ingresaron al país por mes}}",
    howpublished = {\url{https://www.inegi.org.mx/contenidos/temas/economia/turismo/EVI_R_01.xlsx}},
    year = 2020
}