@misc{rproject,
  author       = {{The R Foundation}},
  title        = {{The R Project for Statistical Computing}},
  howpublished = {\url{https://www.r-project.org/}},
  year         = {2019}
}

@misc{MaterialClase,
	author = {{Satu Elisa Schaeffer}},
	title  ={{Modelos probabilistas aplicados}},
	howpublished = {Sitio en, \url{https://elisa.dyndns-web.com/teaching/prob/pisis/prob.html}}
}