@misc{rproject,
  author       = {{The R Foundation}},
  title        = {{The R Project for Statistical Computing}},
  howpublished = {\url{https://www.r-project.org/}},
  year         = {2019}
}

@misc{excel,
  author       = {Microsoft Office},
  title        = {Microsoft Excel},
  howpublished = {\url{https://www.microsoft.com/es-mx/microsoft-365/excel}},
  year         = {2011}
}

@misc{inegi,
    author    = "{INEGI}",
    title     = "{{Visitantes internacionales que ingresaron al país por número, gasto total y gasto medio, según el mes}}",
    howpublished = {\url{https://www.inegi.org.mx/contenidos/temas/economia/turismo/EVI_R_01.xlsx}},
    year = 2020
}