@misc{rproject,
  author       = {{The R Foundation}},
  title        = {{The R Project for Statistical Computing}},
  howpublished = {\url{https://www.r-project.org/}},
  year         = {2019}
}

@misc{excel,
  author       = {{Microsoft Office}},
  title        = {{Microsoft Excel}},
  howpublished = {\url{https://www.microsoft.com/es-mx/microsoft-365/excel}},
  year         = {2011}
}

@misc{guten,
    author    = "{{Michael Hart}}",
    title     = "{{Project Gutenberg}}",
    howpublished = {\url{https://www.gutenberg.org/}},
    year = 1971
}
@misc{proverbs,
    author    = "{{A. L. O. E.}}",
    title     = "{{Precepts in Practice; or, Stories Illustrating the Proverbs}}",
    howpublished = {\url{https://www.gutenberg.org/files/58791/58791-0.txt}},
    year = 2019
}