@misc{rproject,
  author       = {{The R Foundation}},
  title        = {{The R Project for Statistical Computing}},
  howpublished = {\url{https://www.r-project.org/}},
  year         = {2019}
}
@MISC{repositorio,
	author = {Joaquin Arturo Velarde Moreno},
	title  ={{Repositorio con material de la clase de probabilidad}},
	year = 2020,
	howpublished = {Recursos libre, disponible en \url{ https://github.com/joaquin3600/Modelos_Probabilistas_Aplicados}}
}
@misc{MaterialClase,
	author = {{Satu Elisa Schaeffer}},
	title  ={{Modelos probabilistas aplicados}},
	howpublished = {Sitio en, \url{https://elisa.dyndns-web.com/teaching/prob/pisis/prob.html}}
}

@book{Material,
      title     = "Introduction to Probability",
      author    = "Charles M. Grinstead, J. Laurie Snell
",
      publisher = "American Mathematical Society"
    }
    
@misc{wolf,
  title = {WolframAlpha computational intelligence},
  howpublished = {\url{https://www.wolframalpha.com/}},
  note = {Accessed: 2020-11-24}
}