@misc{rproject,
  author       = {{The R Foundation}},
  title        = {{The R Project for Statistical Computing}},
  howpublished = {\url{https://www.r-project.org/}},
  year         = {2019}
}

@misc{MaterialClase,
	author = {{Satu Elisa Schaeffer}},
	title  ={{Modelos probabilistas aplicados}},
	howpublished = {Sitio en, \url{https://elisa.dyndns-web.com/teaching/prob/pisis/prob.html}}
}

@book{Material,
      title     = "Introduction to Probability",
      author    = "Charles M. Grinstead, J. Laurie Snell
",
      publisher = "American Mathematical Society"
    }
    
@misc{wolf,
  title = {WolframAlpha computational intelligence},
  howpublished = {\url{https://www.wolframalpha.com/}},
  note = {Accessed: 2020-11-24}
}